     @webpage{Traces,
      author =       "OpenTelemetry",
      title =        "Traces",
      howpublished = "online",
       year =         "2022",
      url =          "https://opentelemetry.io/docs/concepts/signals/traces/",
      cited =        "2022-11-15"
    }

    @webpage{Metrics,
      author =       "OpenTelemetry",
      title =        "Metrics",
      howpublished = "online",
       year =         "2022",
      url =          "https://opentelemetry.io/docs/concepts/signals/metrics/",
      cited =        "2022-11-20"
    }

    @webpage{Logs,
      author =       "OpenTelemetry",
      title =        "Logs",
      howpublished = "online",
       year =         "2022",
      url =          "https://opentelemetry.io/docs/concepts/signals/logs/",
      cited =        "2022-11-20"
    }

    @webpage{Baggage,
      author =       "OpenTelemetry",
      title =        "Baggage",
      howpublished = "online",
       year =         "2022",
      url =          "https://opentelemetry.io/docs/concepts/signals/baggage/",
      cited =        "2022-11-20"
    }
    
    @webpage{SignozLog,
      key =          "Anand",
      author =       "Ankit Anand",
      title =        "OpenTelemetry Logs – A Complete Introduction and Implementation",
      howpublished = "online",
      year =         "2022",
      url =          "https://signoz.io/blog/opentelemetry-logs",
      cited =        "2022-11-25"
    }

    @webpage{SignozCollector,
      key =          "Anand",
      author =       "Ankit Anand",
      title =        "OpenTelemetry Collector – architecture and configuration guide",
      howpublished = "online",
      year =         "2022",
      url =          "https://signoz.io/blog/opentelemetry-collector-complete-guide",
      cited =        "2022-12-03"
    }

    @webpage{OTLP,
      author =       "OpenTelemetry",
      title =        "OpenTelemetry Protocol Specification",
      howpublished = "online",
       year =         "2022",
      url =          "https://opentelemetry.io/docs/reference/specification/protocol/otlp/",
      cited =        "2022-12-24"
    }

    @webpage{LogModel,
      author =       "OpenTelemetry",
      title =        "Logs Data Model",
      howpublished = "online",
       year =         "2020",
      url =          "https://github.com/open-telemetry/opentelemetry-specification/blob/main/specification/logs/data-model.md",
      cited =        "2022-03-14"
    }

    @techreport{RFC3164,
      author = {C. Lonvick},
      title = {The BSD Syslog Protocol},
      howpublished = {Internet Requests for Comments},
      type = {RFC},
      number = {3164},
      year = {2001},
      month = {August},
      issn = {2070-1721},
      publisher = {RFC Editor},
      institution = {RFC Editor},
      note = {\url{http://www.rfc-editor.org/rfc/rfc3164.txt}},
      cited =        "2022-04-14"
    }

    @techreport{RFC5424,
      author = {R. Gerhards},
      title = {The Syslog Protocol},
      howpublished = {Internet Requests for Comments},
      type = {RFC},
      number = {5424},
      year = {2009},
      month = {March},
      issn = {2070-1721},
      publisher = {RFC Editor},
      institution = {RFC Editor},
      note = {\url{http://www.rfc-editor.org/rfc/rfc5424.txt}},
      cited =        "2022-04-14"
    }

    @techreport{RFC1157,
      author = {Jeffrey D. Case and Mark Fedor and Martin Lee Schoffstall and James R. Davin},
      title = {Simple Network Management Protocol (SNMP)},
      howpublished = {Internet Requests for Comments},
      type = {STD},
      number = {15},
      year = {1990},
      month = {May},
      issn = {2070-1721},
      publisher = {RFC Editor},
      institution = {RFC Editor},
      note = {\url{http://www.rfc-editor.org/rfc/rfc1157.txt}},
      cited =        "2022-04-20"
    }

    @techreport{RFC3954,
      author = {B. Claise},
      title = {Cisco Systems NetFlow Services Export Version 9},
      howpublished = {Internet Requests for Comments},
      type = {RFC},
      number = {3954},
      year = {2004},
      month = {October},
      issn = {2070-1721},
      publisher = {RFC Editor},
      institution = {RFC Editor},
      note = {\url{http://www.rfc-editor.org/rfc/rfc3954.txt}},
      cited =        "2022-04-20"
    }



    
